%REFS IA
@phdthesis{ahmed1999modeling,
  title={Modeling drivers' acceleration and lane changing behavior},
  author={Ahmed, Kazi Iftekhar},
  year={1999},
  school={Massachusetts Institute of Technology}
}

@article{al2013context,
  title={Context-aware driver behavior detection system in intelligent transportation systems},
  author={Al-Sultan, Saif and Al-Bayatti, Ali H and Zedan, Hussein},
  journal={IEEE transactions on vehicular technology},
  volume={62},
  number={9},
  pages={4264--4275},
  year={2013},
  publisher={IEEE}
}

@inproceedings{amsalu2016driver,
  title={Driver behavior modeling near intersections using Hidden Markov Model based on genetic algorithm},
  author={Amsalu, Seifemichael B and Homaifar, Abdollah},
  booktitle={Intelligent Transportation Engineering (ICITE), IEEE International Conference on},
  pages={193--200},
  year={2016},
  organization={IEEE}
}

@article{boyraz2009driver,
  title={Driver behavior modeling using hybrid dynamic systems for ‘driver-aware’active vehicle safety},
  author={Boyraz, Pinar and Sathyanarayana, Amardeep and Hansen, JL and Jonsson, E},
  journal={Proc. Enhanced Saf. Veh},
  pages={1--8},
  year={2009}
}

@article{castignani2015driver,
  title={Driver behavior profiling using smartphones: A low-cost platform for driver monitoring},
  author={Castignani, German and Derrmann, Thierry and Frank, Rapha{\"e}l and Engel, Thomas},
  journal={IEEE Intelligent Transportation Systems Magazine},
  volume={7},
  number={1},
  pages={91--102},
  year={2015},
  publisher={IEEE}
}

@inproceedings{dapzol2005driver,
  title={Driver’s behaviour modelling using the Hidden Markov Model formalism},
  author={Dapzol, Nicolas},
  booktitle={ECTRI Young researchers seminar, The Hague, the Netherlands},
  volume={2},
  number={2.2},
  pages={2--1},
  year={2005}
}

@article{de2012modelling,
  title={Modelling driver behaviour: a rationale for multivariate statistics},
  author={De Winter, JCF and Happee, Riender},
  journal={Theoretical Issues in Ergonomics Science},
  volume={13},
  number={5},
  pages={528--545},
  year={2012},
  publisher={Taylor \& Francis}
}

@inproceedings{eren2012estimating,
  title={Estimating driving behavior by a smartphone},
  author={Eren, Haluk and Makinist, Semiha and Akin, Erhan and Yilmaz, Alper},
  booktitle={Intelligent Vehicles Symposium (IV), 2012 IEEE},
  pages={234--239},
  year={2012},
  organization={IEEE}
}

@inproceedings{higgs2014identification,
  title={Identification and classification of state-action clusters of car-following behavior},
  author={Higgs, Bryan and Abbas, Montasir},
  booktitle={Intelligent Transportation Systems (ITSC), 2014 IEEE 17th International Conference on},
  pages={3151--3155},
  year={2014},
  organization={IEEE}
}

@article{higgs2015segmentation,
  title={Segmentation and clustering of car-following behavior: Recognition of driving patterns},
  author={Higgs, Bryan and Abbas, Montasir},
  journal={IEEE Transactions on Intelligent Transportation Systems},
  volume={16},
  number={1},
  pages={81--90},
  year={2015},
  publisher={IEEE}
}

@article{kumagai2006prediction,
  title={Prediction of human driving behavior using dynamic Bayesian networks},
  author={Kumagai, Toru and Akamatsu, Motoyuki},
  journal={IEICE TRANSACTIONS on Information and Systems},
  volume={89},
  number={2},
  pages={857--860},
  year={2006},
  publisher={The Institute of Electronics, Information and Communication Engineers}
}

@inproceedings{meseguer2015assessing,
  title={Assessing the impact of driving behavior on instantaneous fuel consumption},
  author={Meseguer, Javier E and Calafate, Carlos T and Cano, Juan Carlos and Manzoni, Pietro},
  booktitle={Consumer Communications and Networking Conference (CCNC), 2015 12th Annual IEEE},
  pages={443--448},
  year={2015},
  organization={IEEE}
}

@inproceedings{meseguer2013drivingstyles,
  title={Drivingstyles: A smartphone application to assess driver behavior},
  author={Meseguer, Javier E and Calafate, Carlos T and Cano, Juan Carlos and Manzoni, Pietro},
  booktitle={Computers and Communications (ISCC), 2013 IEEE Symposium on},
  pages={000535--000540},
  year={2013},
  organization={IEEE}
}

@article{salvucci2006modeling,
  title={Modeling driver behavior in a cognitive architecture},
  author={Salvucci, Dario D},
  journal={Human factors},
  volume={48},
  number={2},
  pages={362--380},
  year={2006},
  publisher={Sage Publications Sage CA: Los Angeles, CA}
}

@inproceedings{suzuki2005modeling,
  title={Modeling of drivers collision avoidance behavior based on hybrid system model: an approach with data clustering},
  author={Suzuki, Tatsuya and Yamada, Susumu and Hayakawa, Soichiro and Tsuchida, Nuio and Tsuda, Taishi and Fujinami, Hiroaki},
  booktitle={Systems, Man and Cybernetics, 2005 IEEE International Conference on},
  volume={4},
  pages={3817--3822},
  year={2005},
  organization={IEEE}
}

@article{tran2012modeling,
  title={Modeling and prediction of driver behavior by foot gesture analysis},
  author={Tran, Cuong and Doshi, Anup and Trivedi, Mohan Manubhai},
  journal={Computer Vision and Image Understanding},
  volume={116},
  number={3},
  pages={435--445},
  year={2012},
  publisher={Elsevier}
}

@inproceedings{xiao2011study,
  title={Study on early forecast and recognition of emergency braking based on FCM and PNN},
  author={Xiao, Jinjian and Huang, Simin and Wang, Yunsong},
  booktitle={Mechanic Automation and Control Engineering (MACE), 2011 Second International Conference on},
  pages={711--714},
  year={2011},
  organization={IEEE}
}

@inproceedings{zhang2016driver,
  title={Driver classification based on driving behaviors},
  author={Zhang, Cheng and Patel, Mitesh and Buthpitiya, Senaka and Lyons, Kent and Harrison, Beverly and Abowd, Gregory D},
  booktitle={Proceedings of the 21st International Conference on Intelligent User Interfaces},
  pages={80--84},
  year={2016},
  organization={ACM}
}

@article{arbex2012poluiccao,
  title={A polui{\c{c}}{\~a}o do ar e o sistema respirat{\'o}rio},
  author={Arbex, Marcos Abdo and de Paula Santos, Ubiratan and Martins, Lourdes Concei{\c{c}}{\~a}o and Saldiva, Paulo Hil{\'a}rio Nascimento and Pereira, Luiz Alberto Amador and Braga, Alf{\'e}sio Luis Ferreira},
  journal={Jornal Brasileiro de Pneumologia},
  volume={38},
  number={5},
  pages={643--655},
  year={2012},
  publisher={Jornal Brasileiro de Pneumologia}
}

@book{un2010state,
  title={State of the world's cities 2010/2011: bridging the urban divide},
  author={Un-habitat},
  year={2010},
  publisher={Earthscan}
}

@article{INCT2013evoluccao,
  title={Evolu{\c{c}}{\~a}o da frota de autom{\'o}veis e motos no Brasil 2001--2012 (Relat{\'o}rio 2013)},
  author={Rodrigues, Juciano Martins},
  journal={Rio de Janeiro: Institutos Nacionais de Ci{\^e}ncia e Tecnologia (INCT)},
  year={2013}
}

@article{rolnik2011crescimento,
  title={Crescimento economico e desenvolvimento urbano: por que nossas cidades continuam t{\~a}o prec{\'a}rias?},
  author={Rolnik, Raquel and Klink, Jeroen},
  journal={Novos estudos-CEBRAP},
  number={89},
  pages={89--109},
  year={2011},
  publisher={SciELO Brasil}
}

@misc{WHARTON2013,
 author               = {WHARTON SCHOOL, UNIVERSITY OF PENNSYLVANIA},
 month                = {Julho},
 note                 = {Jul., 2013. Disponível em: <\url{http://www.knowledgeatwharton.com.br/article/por-que-o-mercado-brasileiro-de-seguros-nao-decolou/}>. Acesso em Julho 23, 2017},
 title                = {Por que o mercado brasileiro de seguros não decolou},
 year                 = {2013},
 }
 
 @inproceedings{neto2017multi,
  title={A multi-agent metaheuristic hybridization to the automatic design of ensemble systems},
  author={Neto, Antonino A Feitosa and Canuto, Anne MP and Xavier, Jo{\~a}o C and Barreto, Cephas A},
  booktitle={Neural Networks (IJCNN), 2017 International Joint Conference on},
  pages={3967--3974},
  year={2017},
  organization={IEEE}
}




%------------------------------------
%ABAIXO TALVEZ SEJAM LIXO
%------------------------------------



@book{ibge1993,
	Address = {Rio de Janeiro},
	Author = {IBGE},
	Date-Added = {2013-08-21 13:56:10 +0000},
	Date-Modified = {2013-08-21 13:56:10 +0000},
	Edition = {3},
	Organization = {http://biblioteca.ibge.gov.br/visualizacao/livros/liv23907.pdf},
	Publisher = {Centro de Documenta{\c c}{\~a}o e Dissemina{\c c}{\~a}o de Informa{\c c}{\~o}es. Funda{\c c}{\~a}o Intituto Brasileiro de Geografia e Estat{\'\i}stica},
	Title = {Normas de apresenta{\c c}{\~a}o tabular},
	Urlaccessdate = {21 ago 2013},
	Year = {1993}}

@misc{abntex2-wiki-como-customizar,
	Author = {Lauro C{\'e}sar Araujo},
	Date-Added = {2013-03-23 21:39:21 +0000},
	Date-Modified = {2015-04-27 22:43:06 +0000},
	Howpublished = {Wiki do abnTeX2},
	Keywords = {wiki},
	Title = {Como customizar o abnTeX2},
	Url = {https://github.com/abntex/abntex2/wiki/ComoCustomizar},
	Urlaccessdate = {27 abr 2015},
	Year = {2015},
	Bdsk-Url-1 = {https://github.com/abntex/abntex2/wiki/ComoCustomizar}}

@manual{talbot2012,
	Author = {Nicola L.C. Talbot},
	Date-Added = {2013-03-11 12:06:04 +0000},
	Date-Modified = {2013-03-11 12:06:56 +0000},
	Month = {Nov.},
	Title = {User Manual for glossaries.sty},
	Url = {http://mirrors.ctan.org/macros/latex/contrib/glossaries/glossaries-user.pdf},
	Urlaccessdate = {11 mar. 2013},
	Year = {2012},
	Bdsk-Url-1 = {http://mirrors.ctan.org/macros/latex/contrib/glossaries/glossaries-user.pdf}}

@manual{babel,
	Author = {Johannes Braams},
	Date-Added = {2013-02-17 13:37:14 +0000},
	Date-Modified = {2013-02-17 13:38:38 +0000},
	Month = {Apr.},
	Title = {Babel, a multilingual package for use with LATEX's standard document classes},
	Url = {http://mirrors.ctan.org/info/babel/babel.pdf},
	Urlaccessdate = {17 fev. 2013},
	Year = {2008},
	Bdsk-Url-1 = {http://mirrors.ctan.org/info/babel/babel.pdf}}

@manual{abntex2modelo-artigo,
	Annote = {Este documento {\'e} derivado do \cite{abnt-bibtex-doc}},
	Author = {Lauro C{\'e}sar Araujo},
	Date-Added = {2013-01-15 00:10:35 +0000},
	Date-Modified = {2015-04-27 22:43:13 +0000},
	Organization = {Equipe abnTeX2},
	Title = {Modelo Can{\^o}nico de Artigo Cient{\'\i}fico com abnTeX2},
	Url = {http://www.abntex.net.br/},
	Year = {2015},
	Bdsk-Url-1 = {http://www.abntex.net.br/}}

@manual{abntex2modelo-relatorio,
	Annote = {Este documento {\'e} derivado do \cite{abnt-bibtex-doc}},
	Author = {Lauro C{\'e}sar Araujo},
	Date-Added = {2013-01-15 00:05:34 +0000},
	Date-Modified = {2015-04-27 22:43:18 +0000},
	Organization = {Equipe abnTeX2},
	Title = {Modelo Can{\^o}nico de Relat{\'o}rio T{\'e}cnico e/ou Cient{\'\i}fico com abnTeX2},
	Url = {http://www.abntex.net.br/},
	Year = {2015},
	Bdsk-Url-1 = {http://www.abntex.net.br/}}

@manual{abntex2modelo,
	Annote = {Este documento {\'e} derivado do \cite{abnt-bibtex-doc}},
	Author = {Lauro C{\'e}sar Araujo},
	Date-Added = {2013-01-12 22:55:32 +0000},
	Date-Modified = {2015-04-27 22:43:32 +0000},
	Organization = {Equipe abnTeX2},
	Title = {Modelo Can{\^o}nico de Trabalho Acad{\^e}mico com abnTeX2},
	Url = {http://www.abntex.net.br/},
	Year = {2015},
	Bdsk-Url-1 = {http://www.abntex.net.br/}}

@mastersthesis{araujo2012,
	Address = {Bras{\'\i}lia},
	Author = {Lauro C{\'e}sar Araujo},
	Date-Added = {2013-01-09 11:04:42 +0000},
	Date-Modified = {2013-01-09 11:04:42 +0000},
	Month = {mar.},
	School = {Universidade de Bras{\'\i}lia},
	Subtitle = {uma perspectiva de {A}rquitetura da {I}nforma{\c c}{\~a}o da {E}scola de {B}ras{\'\i}lia},
	Title = {Configura{\c c}{\~a}o},
	Year = {2012}}

@manual{memoir,
	Address = {Normandy Park, WA},
	Author = {Peter Wilson and Lars Madsen},
	Date-Added = {2013-01-09 10:37:50 +0000},
	Date-Modified = {2013-03-21 13:23:25 +0000},
	Organization = {The Herries Press},
	Title = {The Memoir Class for Configurable Typesetting - User Guide},
	Url = {http://mirrors.ctan.org/macros/latex/contrib/memoir/memman.pdf},
	Urlaccessdate = {19 dez. 2012},
	Year = {2010},
	Bdsk-Url-1 = {http://ctan.tche.br/macros/latex/contrib/memoir/memman.pdf}}

@manual{abntex2cite-alf,
	Annote = {Este documento {\'e} derivado do \cite{abnt-bibtex-alf-doc}},
	Author = {Lauro C{\'e}sar Araujo},
	Date-Added = {2013-01-09 10:37:45 +0000},
	Date-Modified = {2015-04-27 22:43:44 +0000},
	Organization = {Equipe abnTeX2},
	Title = {O pacote abntex2cite: t{\'o}picos espec{\'\i}ficos da ABNT NBR 10520:2002 e o estilo bibliogr{\'a}fico alfab{\'e}tico (sistema autor-data)},
	Url = {http://www.abntex.net.br/},
	Year = {2015},
	Bdsk-Url-1 = {http://www.abntex.net.br/}}

@manual{abntex2cite,
	Annote = {Este documento {\'e} derivado do \cite{abnt-bibtex-doc}},
	Author = {Lauro C{\'e}sar Araujo},
	Date-Added = {2013-01-09 10:37:45 +0000},
	Date-Modified = {2015-04-27 22:43:38 +0000},
	Organization = {Equipe abnTeX2},
	Title = {O pacote abntex2cite: Estilos bibliogr{\'a}ficos compat{\'\i}veis com a ABNT NBR 6023},
	Url = {http://www.abntex.net.br/},
	Year = {2015},
	Bdsk-Url-1 = {http://www.abntex.net.br/}}

@manual{abntex2classe,
	Author = {Lauro C{\'e}sar Araujo},
	Date-Added = {2013-01-09 10:37:38 +0000},
	Date-Modified = {2015-04-27 22:42:47 +0000},
	Organization = {Equipe abnTeX2},
	Title = {A classe abntex2: Modelo can{\^o}nico de trabalhos acad{\^e}micos brasileiros compat{\'\i}vel com as normas ABNT NBR 14724:2011, ABNT NBR 6024:2012 e outras},
	Url = {http://www.abntex.net.br/},
	Year = {2015},
	Bdsk-Url-1 = {http://www.abntex.net.br/}}

@manual{NBR10520:2002,
	Address = {Rio de Janeiro},
	Date-Added = {2012-12-15 21:43:38 +0000},
	Date-Modified = {2013-01-12 22:17:20 +0000},
	Month = {ago.},
	Org-Short = {ABNT},
	Organization = {Associa{\c c}\~ao Brasileira de Normas T\'ecnicas},
	Pages = 7,
	Subtitle = {Informa{\c c}\~ao e documenta{\c c}\~ao --- Apresenta{\c c}\~ao de cita{\c c}\~oes em documentos},
	Title = {{NBR} 10520},
	Year = 2002}

@manual{NBR6024:2012,
	Address = {Rio de Janeiro},
	Date-Added = {2012-12-15 21:24:06 +0000},
	Date-Modified = {2012-12-15 21:24:28 +0000},
	Month = {fev.},
	Org-Short = {ABNT},
	Organization = {Associa{\c c}\~ao Brasileira de Normas T\'ecnicas},
	Pages = 4,
	Subtitle = {Numera{\c c}\~ao progressiva das se{\c c}\~oes de um documento},
	Title = {{NBR} 6024},
	Year = 2012}

@manual{NBR6028:2003,
	Address = {Rio de Janeiro},
	Date-Added = {2012-12-15 21:02:12 +0000},
	Date-Modified = {2012-12-15 21:02:50 +0000},
	Month = {nov.},
	Org-Short = {ABNT},
	Organization = {Associa{\c c}\~ao Brasileira de Normas T\'ecnicas},
	Pages = 2,
	Subtitle = {Resumo - Apresenta{\c c}{\~a}o},
	Title = {{NBR} 6028},
	Year = 2003}

@manual{NBR14724:2001,
	Address = {Rio de Janeiro},
	Date-Added = {2012-12-15 20:34:08 +0000},
	Date-Modified = {2012-12-15 20:34:08 +0000},
	Month = {jul.},
	Org-Short = {ABNT},
	Organization = {Associa{\c c}\~ao Brasileira de Normas T\'ecnicas},
	Pages = 6,
	Subtitle = {Informa{\c c}\~ao e documenta{\c c}\~ao --- trabalhos acad\^emicos --- apresenta{\c c}\~ao},
	Title = {{NBR} 14724},
	Year = 2001}

@manual{NBR14724:2002,
	Address = {Rio de Janeiro},
	Date-Added = {2012-12-15 20:34:17 +0000},
	Date-Modified = {2012-12-15 20:34:17 +0000},
	Month = {ago.},
	Org-Short = {ABNT},
	Organization = {Associa{\c c}\~ao Brasileira de Normas T\'ecnicas},
	Pages = 6,
	Subtitle = {Informa{\c c}\~ao e documenta{\c c}\~ao --- trabalhos acad\^emicos --- apresenta{\c c}\~ao},
	Title = {{NBR} 14724},
	Year = 2002}

@manual{NBR14724:2005,
	Address = {Rio de Janeiro},
	Date-Added = {2012-12-15 20:34:08 +0000},
	Date-Modified = {2012-12-15 20:35:25 +0000},
	Month = {dez.},
	Org-Short = {ABNT},
	Organization = {Associa{\c c}\~ao Brasileira de Normas T\'ecnicas},
	Pages = 9,
	Subtitle = {Informa{\c c}\~ao e documenta{\c c}\~ao --- trabalhos acad\^emicos --- apresenta{\c c}\~ao},
	Title = {{NBR} 14724},
	Year = 2005}

@manual{NBR14724:2011,
	Address = {Rio de Janeiro},
	Date-Added = {2012-12-15 20:34:08 +0000},
	Date-Modified = {2012-12-15 20:35:25 +0000},
	Month = {mar.},
	Note = {Substitui a Ref.~\citeonline{NBR14724:2005}},
	Org-Short = {ABNT},
	Organization = {Associa{\c c}\~ao Brasileira de Normas T\'ecnicas},
	Pages = 15,
	Subtitle = {Informa{\c c}\~ao e documenta{\c c}\~ao --- trabalhos acad\^emicos --- apresenta{\c c}\~ao},
	Title = {{NBR} 14724},
	Year = 2011}

@article{van86,
	Author = {{van}, Gigch, John P. and Leo L. Pipino},
	Journal = {Future Computing Systems},
	Number = {1},
	Pages = {71-97},
	Title = {In search for a paradigm for the discipline of information systems},
	Volume = {1},
	Year = {1986}}

@phdthesis{guizzardi2005,
	Address = {Enschede, The Netherlands},
	Author = {Giancarlo Guizzardi},
	Date-Added = {2012-04-23 11:35:28 +0000},
	Date-Modified = {2012-04-23 11:35:28 +0000},
	School = {Centre for Telematics and Information Technology, University of Twente},
	Title = {Ontological Foundations for Structural Conceptual Models},
	Url = {http://www.loa.istc.cnr.it/Guizzardi/SELMAS-CR.pdf},
	Urlaccessdate = {3 jul. 2011},
	Year = {2005},
	Bdsk-Url-1 = {http://www.loa.istc.cnr.it/Guizzardi/SELMAS-CR.pdf}}

@mastersthesis{macedo2005,
	Author = {Fl{\'a}via L. Macedo},
	Date-Added = {2012-04-23 11:35:13 +0000},
	Date-Modified = {2012-04-23 11:35:13 +0000},
	Keywords = {arquitetura da informa{\c c}{\~a}o},
	School = {Universidade de Bras{\'\i}lia},
	Title = {Arquitetura da Informa{\c c}{\~a}o: aspectos espistemol{\'o}gicos, cient{\'\i}ficos e pr{\'a}ticos.},
	Type = {Disserta{\c c}{\~a}o de Mestrado},
	Year = {2005}}

@manual{EIA649B,
	Address = {EUA},
	Date-Added = {2012-04-23 11:34:59 +0000},
	Date-Modified = {2012-04-23 11:34:59 +0000},
	Keywords = {norma},
	Month = {June},
	Organization = {TechAmerica},
	Title = {ANSI/EIA 649-B: Configuration Management Standard},
	Year = {2011}}

@inproceedings{masolo2010,
	Author = {Claudio Masolo},
	Booktitle = {Proceedings of the Twelfth International Conference on the Principles of Knowledge Representation and Reasoning (KR 2010)},
	Date-Added = {2012-04-23 11:34:38 +0000},
	Date-Modified = {2012-04-23 11:34:38 +0000},
	Editor = {Lin, F. and Sattler, U.},
	Pages = {258-268},
	Publisher = {AAAI Press},
	Title = {Understanding Ontological Levels},
	Url = {http://wiki.loa-cnr.it/Papers/kr10v0.7.pdf},
	Urlaccessdate = {2 jan. 2012},
	Year = {2010},
	Bdsk-Url-1 = {http://wiki.loa-cnr.it/Papers/kr10v0.7.pdf}}

@inbook{guarino1995,
	Address = {Vienna},
	Author = {Nicola Guarino},
	Booktitle = {Philosophy and the Cognitive Science},
	Date-Added = {2012-04-23 11:34:29 +0000},
	Date-Modified = {2012-04-23 11:34:29 +0000},
	Editor = {R. Casati and B. Smith and G. White},
	Month = {Sept.},
	Pages = {443-456},
	Publisher = {Holder-Pivhler-Tempsky},
	Title = {The Ontological Level},
	Url = {http://wiki.loa-cnr.it/Papers/OntLev.pdf},
	Urlaccessdate = {2 jan. 2012},
	Year = {1995},
	Bdsk-Url-1 = {http://wiki.loa-cnr.it/Papers/OntLev.pdf}}

@incollection{bates2010,
	Address = {New York},
	Author = {Marcia J. Bates},
	Booktitle = {Encyclopedia of Library and Information Sciences},
	Date-Added = {2012-04-23 11:34:29 +0000},
	Date-Modified = {2012-04-23 11:34:29 +0000},
	Edition = {3rd},
	Editor = {Marcia J. Bates and Mary Niles Maack},
	Pages = {2347-2360},
	Publisher = {CRC Press},
	Title = {Information},
	Url = {http://pages.gseis.ucla.edu/faculty/bates/articles/information.html},
	Urlaccessdate = {24 out. 2011},
	Volume = {3},
	Year = {2010},
	Bdsk-Url-1 = {http://pages.gseis.ucla.edu/faculty/bates/articles/information.html}}

@book{doxiadis1965,
	Author = {Constantinos A. Doxiadis},
	Date-Added = {2012-04-23 11:34:20 +0000},
	Date-Modified = {2012-04-23 11:34:20 +0000},
	Publisher = {Ceira - Coimbra},
	Title = {Arquitetura em Transi{\c c}{\~a}o},
	Year = {1965}}

@book{dewey1980,
	Address = {New York, NY, USA},
	Author = {John Dewey},
	Date-Added = {2012-04-23 11:34:16 +0000},
	Date-Modified = {2012-04-23 11:34:16 +0000},
	Publisher = {Perigee Books},
	Title = {Art as Experience},
	Year = {1980}}
